@ARTICLE{IEEE,
  author={B. {Sliwa} and C. {Wietfeld}},
  journal={IEEE Access}, 
  title={Data-Driven Network Simulation for Performance Analysis of Anticipatory Vehicular Communication Systems}, 
  year={2019},
  volume={7},
  number={},
  pages={172638-172653},
  doi={10.1109/ACCESS.2019.2956211}
}

@book{elements,
  author = {Hastie, Trevor and Tibshirani, Robert and Friedman, Jerome},
  edition = 2,
  publisher = {Springer},
  title = {The elements of statistical learning: data mining, inference and prediction},
  url = {http://www-stat.stanford.edu/~tibs/ElemStatLearn/},
  year = 2009
}

@article{XGBoost,
  author    = {Tianqi Chen and
               Carlos Guestrin},
  title     = {XGBoost: {A} Scalable Tree Boosting System},
  journal   = {CoRR},
  volume    = {abs/1603.02754},
  year      = {2016},
  url       = {http://arxiv.org/abs/1603.02754},
  archivePrefix = {arXiv},
  eprint    = {1603.02754},
  timestamp = {Mon, 13 Aug 2018 16:47:00 +0200},
  biburl    = {https://dblp.org/rec/journals/corr/ChenG16.bib},
  bibsource = {dblp computer science bibliography, https://dblp.org}
}